%%
%% WinShell 3.3.2.6
%% http://www.winshell.org/
%%

% Strings


% Preamble


% BibTeX Entries
@book{dresses,
 author               = {Andrew S. Dolkart},
 journal              = {Unknown Journal},
 organization         = {Colombia University},
 publisher            = {Columbia University},
 title                = {The Architecture and Development of New York City},
 year                 = {2014},
 }

@book{postalcard,
 author               = {Alice Sparberg Alexiou},
 journal              = {Unknown Journal},
 publisher            = {St. Martin's Griffin},
 title                = {The Flatiron},
 year                 = {2010},
 }

@book{skyscraper,
 author               = {Sarah Bradford Landau, Carl W. Condit},
 journal              = {Unknown Journal},
 publisher            = {Yale University Press},
 title                = {Rise of the New York Skyscraper 1865-1913},
 year                 = {1999},
 }
